@BOOK{Snyman2005,
    Author = {Jan Snyman},
    Title = {Practical Mathematical Optimization: An Introduction to Basic Optimization Theory and Classical and New Gradient-based Algorithms (Applied Optimization Book 97)},
    Publisher = {Springer US},
    Year = {2005},
    ISBN = {978-0-387-24348-1}
}

@INPROCEEDINGS{Nair2010,
    author = {Nair, Vinod and Hinton, Geoffrey E.},
    title = {Rectified Linear Units Improve Restricted Boltzmann Machines},
    booktitle = {Proceedings of the 27th International Conference on International Conference on Machine Learning},
    series = {ICML'10},
    year = {2010},
    isbn = {978-1-60558-907-7},
    location = {Haifa, Israel},
    pages = {807--814},
    numpages = {8},
    acmid = {3104425},
    publisher = {Omnipress},
    address = {USA},
} 

@INPROCEEDINGS{maas2013rectifier,
    title={Rectifier nonlinearities improve neural network acoustic models},
    author={Maas, Andrew L and Hannun, Awni Y and Ng, Andrew Y},
    booktitle={Proc. icml},
    volume={30},
    number={1},
    pages={3},
    year={2013}
}

@INPROCEEDINGS{glorot2010understanding,
  title={Understanding the difficulty of training deep feedforward neural networks},
  author={Glorot, Xavier and Bengio, Yoshua},
  booktitle={Proceedings of the thirteenth international conference on artificial intelligence and statistics},
  pages={249--256},
  year={2010}
}

@BOOK{caterini2018,
  Author = {Caterini, Anthony L.},
  Title = {Deep Neural Networks in a Mathematical Framework (SpringerBriefs in Computer Science)},
  Publisher = {Springer},
  Year = {2018},
  ISBN = {9783319753034},
}

@BOOK{goodfellow2016deeplearning,
  Author = {Ian Goodfellow and Yoshua Bengio and Aaron Courville},
  Title = {Deep Learning (Adaptive Computation and Machine Learning series)},
  Publisher = {The MIT Press},
  Pages = {282},
  Year = {2016},
  ISBN = {0262035618},
}

@BOOK{rosenblatt1957perceptron,
  title={The Perceptron, a Perceiving and Recognizing Automaton Project Para},
  author={Rosenblatt, Frank},
  series={Report: Cornell Aeronautical Laboratory},
  year={1957},
  publisher={Cornell Aeronautical Laboratory}
}

@ARTICLE{DavidE.Rumelhart1986Lrbb,
    issn = {0028-0836},
    journal = {Nature},
    volume = {323},
    publisher = {Nature Publishing Group},
    number = {6088},
    year = {1986},
    title = {Learning representations by back-propagating errors},
    author = {David E. Rumelhart and Geoffrey E. Hinton and Ronald J. Williams},
    keywords = {Sciences (General) ; Physics;},
}

@ARTICLE{bengio94, 
    author={Bengio, Yoshua and Simard, Patrice. and Frasconi, Paolo.}, 
    journal={IEEE Transactions on Neural Networks}, 
    title={Learning long-term dependencies with gradient descent is difficult}, 
    year={1994}, 
    volume={5}, 
    number={2}, 
    pages={157-166}, 
    doi={10.1109/72.279181}, 
    ISSN={1045-9227}, 
    month={March},
}

@ARTICLE{KrizhevskyAlex2017Icwd,
    issn = {1557-7317},
    journal = {Communications of the ACM},
    pages = {84--90},
    volume = {60},
    publisher = {ACM},
    number = {6},
    year = {2017},
    title = {ImageNet classification with deep convolutional neural networks},
    language = {eng},
    author = {Krizhevsky, Alex and Sutskever, Ilya and Hinton, Geoffrey},
}