
@article{branco2016survey,
  title={A survey of predictive modeling on imbalanced domains},
  author={Branco, Paula and Torgo, Lu{\'\i}s and Ribeiro, Rita P},
  journal={ACM Computing Surveys (CSUR)},
  volume={49},
  number={2},
  pages={31},
  year={2016},
  publisher={ACM}
}

@book{cichosz2014data,
  title={Data mining algorithms: explained using R},
  author={Cichosz, Pawel},
  year={2014},
  chapter={7},
  pages={194},
  publisher={Wiley}
}

@article{deng2016improved,
  title={An improved method to construct basic probability assignment based on the confusion matrix for classification problem},
  author={Deng, Xinyang and Liu, Qi and Deng, Yong and Mahadevan, Sankaran},
  journal={Information Sciences},
  volume={340},
  pages={250--261},
  year={2016},
  publisher={Elsevier}
}

@article{el2010hybrid,
  title={Hybrid intelligent techniques for MRI brain images classification},
  author={El-Dahshan, El-Sayed Ahmed and Hosny, Tamer and Salem, Abdel-Badeeh M},
  journal={Digital Signal Processing},
  volume={20},
  number={2},
  pages={433--441},
  year={2010},
  publisher={Elsevier}
}

@article{fielding1997review,
  title={A review of methods for the assessment of prediction errors in conservation presence/absence models},
  author={Fielding, Alan H and Bell, John F},
  journal={Environmental conservation},
  volume={24},
  number={1},
  pages={38--49},
  year={1997},
  publisher={Cambridge University Press}
}

@book{geron2017hands,
  title={Hands-on machine learning with Scikit-Learn and TensorFlow: concepts, tools, and techniques to build intelligent systems},
  author={G{\'e}ron, Aur{\'e}lien},
  year={2017},
  publisher={O'Reilly}
}

@inproceedings{gu2009evaluation,
  title={Evaluation measures of the classification performance of imbalanced data sets},
  author={Gu, Qiong and Zhu, Li and Cai, Zhihua},
  booktitle={International Symposium on Intelligence Computation and Applications},
  pages={461--471},
  year={2009},
  organization={Springer}
}

@book{hassanien2017advances,
  title={Advances in Soft Computing and Machine Learning in Image Processing},
  author={Hassanien, Aboul Ella and Oliva, Diego Alberto},
  volume={730},
  year={2017},
  publisher={Springer},
  pages = {179}
}

@inproceedings{jeni2013facing,
  title={Facing Imbalanced Data--Recommendations for the Use of Performance Metrics},
  author={Jeni, L{\'a}szl{\'o} A and Cohn, Jeffrey F and De La Torre, Fernando},
  booktitle={Affective Computing and Intelligent Interaction (ACII), 2013 Humaine Association Conference on},
  pages={245--251},
  year={2013},
  organization={IEEE}
}

@book{kelleher2015fundamentals,
  title={Fundamentals of machine learning for predictive data analytics},
  author={Kelleher, John D and Mac Namee, Brian and D'Arcy, Aoife},
  year={2015},
  pages={402},
  publisher={MIT Press}
}

@book{kuhn2013applied,
  title={Applied predictive modeling},
  author={Kuhn, Max and Johnson, Kjell},
  volume={26},
  year={2013},
  publisher={Springer}
}

@article{lu2004predicting,
  title={Predicting subcellular localization of proteins using machine-learned classifiers},
  author={Lu, Zhiyong and Szafron, Duane and Greiner, Russell and Lu, Paul and Wishart, David S and Poulin, Brett and Anvik, John and Macdonell, Cam and Eisner, Roman},
  journal={Bioinformatics},
  volume={20},
  number={4},
  pages={547--556},
  year={2004},
  publisher={Oxford University Press}
}

@inproceedings{ma2007adequate,
  title={Adequate and precise evaluation of quality models in software engineering studies},
  author={Ma, Yan and Cukic, Bojan},
  booktitle={Proceedings of the third International workshop on predictor models in software engineering},
  pages={1},
  year={2007},
  organization={IEEE Computer Society}
}

@book{martin2018speech,
  title={Speech and language processing},
  author={Martin, James H and Jurafsky, Daniel},
  pages={75},
  year={2018},
  publisher={Pearson}
}

@book{muller2016introduction,
  title={Introduction to machine learning with Python: a guide for data scientists},
  author={M{\"u}ller, Andreas C and Guido, Sarah and others},
  year={2016},
  publisher={O'Reilly}
}

@incollection{raeder2012learning,
  title={Learning from imbalanced data: evaluation matters},
  author={Raeder, Troy and Forman, George and Chawla, Nitesh V},
  booktitle={Data mining: Foundations and intelligent paradigms},
  pages={315--331},
  year={2012},
  publisher={Springer}
}

@article{saito2015precision,
  title={The precision-recall plot is more informative than the ROC plot when evaluating binary classifiers on imbalanced datasets},
  author={Saito, Takaya and Rehmsmeier, Marc},
  journal={PloS one},
  volume={10},
  number={3},
  pages={e0118432},
  year={2015},
  publisher={Public Library of Science}
}

@book{sammut2017encyclopedia,
  title={Encyclopedia of machine learning and data mining},
  author={Sammut, Claude and Webb, Geoffrey I},
  year={2017},
  publisher={Springer}
}

@article{sokolova2009systematic,
  title={A systematic analysis of performance measures for classification tasks},
  author={Sokolova, Marina and Lapalme, Guy},
  journal={Information Processing \& Management},
  volume={45},
  number={4},
  pages={427--437},
  year={2009},
  publisher={Elsevier}
}

@inproceedings{stager2006dealing,
  title={Dealing with class skew in context recognition},
  author={Stager, Mathias and Lukowicz, Paul and Troster, Gerhard},
  booktitle={26th International Conference on Distributed Computing Systems},
  pages={58--58},
  year={2006},
  organization={IEEE}
}
