@article{Gers:2001:LRN:2325782.2326800,
 author = {Gers, F. A. and Schmidhuber, E.},
 title = {LSTM Recurrent Networks Learn Simple Context-free and Context-sensitive Languages},
 journal = {IEEE Transactions on Neural Networks},
 volume = {12},
 number = {6},
 month = nov,
 year = {2001},
 issn = {1045-9227},
 pages = {1333--1340},
 publisher = {IEEE Press},
 address = {Piscataway, NJ, USA}
}

@article{Gers:2003:LPT:944919.944925,
 author = {Gers, Felix A. and Schraudolph, Nicol N. and Schmidhuber, J\"{u}rgen},
 title = {Learning Precise Timing with Lstm Recurrent Networks},
 journal = {Journal of Machine Learning Research (JMLR)},
 volume = {3},
 month = mar,
 year = {2003},
 pages = {115--143},
 publisher = {JMLR.org}
} 

@inproceedings{cho-al-emnlp14,
     author = {Cho, Kyunghyun and van Merri{\"{e}}nboer, Bart and G{\"{u}}l{\c c}ehre, {\c C}aÄŸlar and Bahdanau, Dzmitry and Bougares, Fethi and Schwenk, Holger and Bengio, Yoshua},
      month = {10},
      title = {Learning Phrase Representations using RNN Encoder--Decoder for Statistical Machine Translation},
  booktitle = {Proceedings of the 2014 Conference on Empirical Methods in Natural Language Processing (EMNLP)},
       year = {2014},
      pages = {1724--1734},
  publisher = {Association for Computational Linguistics},
    address = {Doha, Qatar}
}

@inproceedings{gruthithuhuong2016,
	author = {Le, Thi-Thu-Huong and Kim, Jihyun and Kim, Howon},
	year = {2016},
	month = {07},
	pages = {105-110},
	title = {Classification performance using gated recurrent unit recurrent neural network on energy disaggregation},
	booktitle={2016 International Conference on Machine Learning and Cybernetics (ICMLC)}, 
	publisher = {IEEE}
}

@article{Saon2017,
 author = {Saon, G. and Picheny, M.},
 title = {Recent Advances in Conversational Speech Recognition Using Convolutional and Recurrent Neural Networks},
 journal = {IBM Journal of Research and Development},
 volume = {61},
 number = {4-5},
 month = jul,
 year = {2017},
 pages = {1--10}
}

@inproceedings{Graves:2006:CTC:1143844.1143891,
 author = {Graves, Alex and Fern\'{a}ndez, Santiago and Gomez, Faustino and Schmidhuber, J\"{u}rgen},
 title = {Connectionist Temporal Classification: Labelling Unsegmented Sequence Data with Recurrent Neural Networks},
 booktitle = {Proceedings of the 23rd International Conference on Machine Learning},
 series = {ICML '06},
 year = {2006},
 isbn = {1-59593-383-2},
 location = {Pittsburgh, Pennsylvania, USA},
 pages = {369--376},
 publisher = {ACM},
 address = {New York, NY, USA},
} 

@article{Graves2009,
 author = {Graves, Alex and Liwicki, Marcus and Fern\'{a}ndez, Santiago and Bertolami, Roman and Bunke, Horst and Schmidhuber, J\"{u}rgen},
 title = {A Novel Connectionist System for Unconstrained Handwriting Recognition},
 journal = {IEEE Transactions on Pattern Analysis and Machine Intelligence},
 volume = {31},
 number = {5},
 month = may,
 year = {2009},
 pages = {855--868},
} 

@inproceedings{Baytas2017,
 author = {Baytas, Inci M. and Xiao, Cao and Zhang, Xi and Wang, Fei and Jain, Anil K. and Zhou, Jiayu},
 title = {Patient Subtyping via Time-Aware LSTM Networks},
 booktitle = {Proceedings of the 23rd ACM SIGKDD International Conference on Knowledge Discovery and Data Mining},
 series = {KDD '17},
 year = {2017},
 isbn = {978-1-4503-4887-4},
 location = {Halifax, NS, Canada},
 pages = {65--74},
 numpages = {10},
 publisher = {ACM},
 address = {New York, NY, USA},
}

@inproceedings{Shi:2015:CLN:2969239.2969329,
 author = {Shi, Xingjian and Chen, Zhourong and Wang, Hao and Yeung, Dit-Yan and Wong, Wai-kin and Woo, Wang-chun},
 title = {Convolutional LSTM Network: A Machine Learning Approach for Precipitation Nowcasting},
 booktitle = {Proceedings of the 28th International Conference on Neural Information Processing Systems - Volume 1},
 series = {NIPS'15},
 year = {2015},
 location = {Montreal, Canada},
 pages = {802--810},
 publisher = {MIT Press},
 address = {Cambridge, MA, USA},
} 

@inproceedings{Schafer:2006:LLT:2125268.2125278,
 author = {Sch\"{a}fer, Anton Maximilian and Udluft, Steffen and Zimmermann, Hans Georg},
 title = {Learning Long Term Dependencies with Recurrent Neural Networks},
 booktitle = {Proceedings of the 16th International Conference on Artificial Neural Networks - Volume Part I},
 series = {ICANN'06},
 year = {2006},
 isbn = {3-540-38625-4, 978-3-540-38625-4},
 location = {Athens, Greece},
 pages = {71--80},
 publisher = {Springer-Verlag},
 address = {Berlin, Heidelberg},
}

@incollection{chapter-gradient-flow-2001,
  author = {Hochreiter, Sepp and Bengio, Yoshua and Frasconi, Paolo},
  title = {Gradient Flow in Recurrent Nets: the Difficulty of Learning Long-Term Dependencies},
  booktitle = {A Field Guide to Dynamical Recurrent Networks},
  editor = {Kolen, J. and Kremer, S.},
  year = {2001},
  publisher = {IEEE Press},
}

@inproceedings{Schmidhuber:2005:EHN:1642293.1642430,
 author = {Schmidhuber, J\"{u}rgen and Wierstra, Daan and Gomez, Faustino},
 title = {Evolino: Hybrid Neuroevolution / Optimal Linear Search for Sequence Learning},
 booktitle = {Proceedings of the 19th International Joint Conference on Artificial Intelligence},
 series = {IJCAI'05},
 year = {2005},
 location = {Edinburgh, Scotland},
 pages = {853--858},
 publisher = {Morgan Kaufmann Publishers Inc.},
 address = {San Francisco, CA, USA},
} 

@inproceedings{6638947, 
	author={A. Graves and A. Mohamed and G. Hinton}, 
	booktitle={2013 IEEE International Conference on Acoustics, Speech and Signal Processing}, 
	title={Speech recognition with deep recurrent neural networks}, 
	year={2013}, 
	pages={6645-6649}, 
	ISSN={1520-6149}, 
	month={May},
}

@misc{strivastava_2017,
	title={Essentials of Deep Learning : Introduction to Long Short Term Memory},
	url={https://www.analyticsvidhya.com/blog/2017/12/fundamentals-of-deep-learning-introduction-to-lstm/},
	journal={Analytics Vidhya},
	author={Strivastava, Pranjal},
	year={2017}
}

@misc{olah_2015,
	title={Understanding LSTM Networks},
	url={http://colah.github.io/posts/2015-08-Understanding-LSTMs/},
	journal={Colah.github.io},
	author={Olah, Christopher},
	year={2015}
}