@inproceedings{frenay2014comprehensive,
  title={A comprehensive introduction to label noise.},
  author={Fr{\'e}nay, Beno{\^\i}t and Kab{\'a}n, Ata and others},
  booktitle={ESANN},
  year={2014}
}

@article{frenay2014classification,
  title={Classification in the presence of label noise: a survey},
  author={Fr{\'e}nay, Beno{\^\i}t and Verleysen, Michel},
  journal={IEEE transactions on neural networks and learning systems},
  volume={25},
  number={5},
  pages={845--869},
  year={2014},
  publisher={IEEE}
}

@article{wang1995framework,
  title={A framework for analysis of data quality research},
  author={Wang, Richard Y and Storey, Veda C and Firth, Christopher P},
  journal={IEEE Transactions on Knowledge \& Data Engineering},
  number={4},
  pages={623--640},
  year={1995},
  publisher={IEEE}
}

@article{zhu2004class,
  title={Class noise vs. attribute noise: A quantitative study},
  author={Zhu, Xingquan and Wu, Xindong},
  journal={Artificial intelligence review},
  volume={22},
  number={3},
  pages={177--210},
  year={2004},
  publisher={Springer}
}

@article{hickey1996noise,
  title={Noise modelling and evaluating learning from examples},
  author={Hickey, Ray J},
  journal={Artificial Intelligence},
  volume={82},
  number={1-2},
  pages={157--179},
  year={1996},
  publisher={Elsevier}
}

@InProceedings{garcia2013,
author="Gar{\'{c}}ia, Lu{\'i}s Paulo F.
and de Carvalho, Andr{\'e} C. P. L. F.
and Lorena, Ana C.",
editor="Pan, Jeng-Shyang
and Polycarpou, Marios M.
and Wo{\'{z}}niak, Micha{\l}
and de Carvalho, Andr{\'e} C. P. L. F.
and Quinti{\'a}n, H{\'e}ctor
and Corchado, Emilio",
title="Noisy Data Set Identification",
booktitle="Hybrid Artificial Intelligent Systems",
year="2013",
publisher="Springer Berlin Heidelberg",
address="Berlin, Heidelberg",
pages="629--638",
isbn="978-3-642-40846-5"
}

@inproceedings{kalapanidas2003machine,
  title={Machine learning algorithms: a study on noise sensitivity},
  author={Kalapanidas, Elias and Avouris, Nikolaos and Craciun, Marian and Neagu, Daniel},
  booktitle={Proc. 1st Balcan Conference in Informatics},
  pages={356--365},
  year={2003}
}

@article{nettleton2010study,
  title={A study of the effect of different types of noise on the precision of supervised learning techniques},
  author={Nettleton, David F and Orriols-Puig, Albert and Fornells, Albert},
  journal={Artificial intelligence review},
  volume={33},
  number={4},
  pages={275--306},
  year={2010},
  publisher={Springer}
}

@book{garcia2015data,
  title={Data preprocessing in data mining},
  author={Garc{\'\i}a, Salvador and Luengo, Juli{\'a}n and Herrera, Francisco},
  year={2015},
  publisher={Springer}
}

@article{brodley1999identifying,
  title={Identifying mislabeled training data},
  author={Brodley, Carla E and Friedl, Mark A},
  journal={Journal of artificial intelligence research},
  volume={11},
  pages={131--167},
  year={1999}
}

@inproceedings{verbaeten2003ensemble,
  title={Ensemble methods for noise elimination in classification problems},
  author={Verbaeten, Sofie and Van Assche, Anneleen},
  booktitle={International Workshop on Multiple Classifier Systems},
  pages={317--325},
  year={2003},
  organization={Springer}
}