%[regularisationofmodels_JA_1]
@inproceedings{ng2004feature,
  title={Feature selection, L 1 vs. L 2 regularization, and rotational invariance},
  author={Ng, Andrew Y},
  booktitle={Proceedings of the twenty-first international conference on Machine learning},
  pages={78},
  year={2004},
  organization={ACM}
}

%[regularisationofmodels_JA_2]
%Sebastian Taschka. Python Machine Learning. 2nd ed. Birmingham: Packt Publishing, 2015.
@book{pythonmachinelearning,
	title = {Python Machine Learning},	
	author = {Sebastian Taschka},	
	address = {Birmingham},
	publisher = {Packt Publishing},
	chapter = {4},	
	pages = {65},
	year = 2015
}

%[regularisationofmodels_JA_4]
@inproceedings{krogh1992simple,
  title={A simple weight decay can improve generalization},
  author={Krogh, Anders and Hertz, John A},
  booktitle={Advances in neural information processing systems},
  pages={950--957},
  year={1992}
}



%[regularisationofmodels_JA_5]

@inproceedings{moody1992effective,
  title={The effective number of parameters: An analysis of generalization and regularization in nonlinear learning systems},
  author={Moody, John E},
  booktitle={Advances in neural information processing systems},
  pages={847--854},
  year={1992}
}


%[regularisationofmodels_JA_6]
@article{srivastava2014dropout,
  title={Dropout: a simple way to prevent neural networks from overfitting},
  author={Srivastava, Nitish and Hinton, Geoffrey and Krizhevsky, Alex and Sutskever, Ilya and Salakhutdinov, Ruslan},
  journal={The Journal of Machine Learning Research},
  volume={15},
  number={1},
  pages={1929--1958},
  year={2014},
  publisher={JMLR. org}
}

%[regularisationofmodels_JA_7]
@inproceedings{wager2013dropout,
  title={Dropout training as adaptive regularization},
  author={Wager, Stefan and Wang, Sida and Liang, Percy S},
  booktitle={Advances in neural information processing systems},
  pages={351--359},
  year={2013}
}

%[regularisationofmodels_JA_8]

@INPROCEEDINGS{Sarle95stoppedtraining,
    author = {Warren S. Sarle},
    title = {Stopped Training and Other Remedies for Overfitting},
    booktitle = {Proceedings of the 27th Symposium on the Interface of Computing Science and Statistics},
    year = {1995},
    pages = {352--360}
}

@article{zur2009noise,
  title={Noise injection for training artificial neural networks: A comparison with weight decay and early stopping},
  author={Zur, Richard M and Jiang, Yulei and Pesce, Lorenzo L and Drukker, Karen},
  journal={Medical physics},
  volume={36},
  number={10},
  pages={4810--4818},
  year={2009},
  publisher={Wiley Online Library}
}
