@article{copp2009screening,
  title={Calibration of FISK, an invasiveness screening tool for non-native freshwater fishes},
  author={G.H. Copp and  L. Vilizzi and J. Mumford and G.V. Fenwick and M.J. Godard and R.E. Gozlan},
  journal={Risk Analysis},
  volume={29},
  number={3},
  pages={457–-467},
  year={2009},
  publisher={}
}

@article{dodd2003pauc,
  title={Partial AUC estimation and regression},
  author={L.E. Dodd and M.S. Pepe},
  journal={Biometrics},
  volume={59},
  number={3},
  pages={614--623},
  year={2003},
  publisher={}
}

@article{fawcett2006introroc,
  title={Partial AUC estimation and regression},
  author={T. Fawcett},
  journal={Pattern Recognition Letters - Special issue: ROC analysis in pattern recognition},
  volume={27},
  number={8},
  pages={861--874},
  year={2006},
  publisher={}
}

@article{fung2018cnnbcancerclass,
  title={Convolutional neural network improvement for breast cancer classification},
  author={T.T. Fung and Y.J. Tan and K.S. Sim},
  journal={Expert Systems With Applications},
  volume={120},
  number={},
  pages={103--115},
  year={2018},
  publisher={}
}

@article{greiner2000rocanal,
  title={Principles and practical application of the receiver-operating characteristic analysis for diagnostic tests},
  author={M. Greiner and D. Pfeiffer and R.D. Smith},
  journal={Preventive Veterinary Medicine},
  volume={45},
  number={},
  pages={23--41},
  year={2000},
  publisher={}
}

@article{gronlund2014eyewitness,
  title={Evaluating eyewitness identification procedures using Receiver Operating Characteristc Analysis},
  author={S.G. Gronlund and J.T. Wixted and L. Mickes},
  journal={Current Directions In Psychological Science},
  volume={23},
  number={1},
  pages={3--10},
  year={2014},
  publisher={}
}

@article{hand2001aucmulticlass,
  title={A Simple Generalisation of the Area Under the ROC Curve for Multiple Class Classification Problems},
  author={D. Hand and R. Till},
  journal={Machine Learning},
  volume={45},
  number={2},
  pages={171--186},
  year={2000},
  publisher={}
}

@article{hanley1982useauc,
  title={The meaning and use of the area under a receiver operating characteristic (ROC) curve},
  author={J.A. Hanley and B.J. McNeil},
  journal={Radiology},
  volume={143},
  number={1},
  pages={29--36},
  year={1982},
  publisher={}
}

@article{he2010nonparagenomic,
  title={Nonparametric statistical inference method for paired areas under receiver operating characteristics curves, with application to genomic studies},
  author={Y. He and M. Escobar},
  journal={Statistics in Medicine},
  volume={27},
  number={25},
  pages={5291--5308},
  year={2008},
  publisher={}
}

@article{heidy2010minfneginvspec,
  title={Minimizing false-negatives when predicting the potential distribution of an invasive species: A bioclimatic envelope for the red-eared slider at global and regional scales},
  author={K. Heidy Kikillus and K.M. Hare and S. Hartley},
  journal={Animal Conservation},
  volume={13},
  number={},
  pages={5--15},
  year={2010},
  publisher={}
}

@article{hernandez2013rocregression,
  title={ROC curves for regression},
  author={J. Hernández-Orallo},
  journal={Pattern Recognition},
  volume={46},
  number={12},
  pages={3395--3411},
  year={2013},
  publisher={}
}

@article{linden2006diagpreddismgmt,
  title={Measuring diagnostic and predictive accuracy in disease management: an introduction to receiver operating characteristic (ROC) analysis},
  author={A. Linden},
  journal={Journal of Evaluation in Clinical Practice},
  volume={12},
  number={2},
  pages={132--129},
  year={2006},
  publisher={}
}

@article{luby2017lineup,
  title={Strengthening analysis of line-up procedures: a log-linear model framework},
  author={A. Luby},
  journal={Law, Probability and Risk},
  volume={16},
  number={4},
  pages={241--257},
  year={2017},
  publisher={}
}

@article{ma2013paucdiagperf,
  title={On use of partial area under the ROC curve for evaluation of diagnostic performance},
  author={H. Ma and A.I. Bandos and H.E. Rockette and D. Gur},
  journal={Statistics in Medicine},
  volume={32},
  number={20},
  pages={3449--3458},
  year={2013},
  publisher={}
}

@article{makowski2010scorsysinvpests,
  title={Comparison of Scoring Systems for Invasive Pests Using ROC Analysis and Monte Carlo Simulations},
  author={D. Makowski and M.N. Mittinty},
  journal={Risk Analysis},
  volume={30},
  number={6},
  pages={906--915},
  year={2010},
  publisher={}
}

@article{mcclish1989paucanal,
  title={Analyzing a portion of the ROC curve},
  author={D.K. McClish},
  journal={Medical Decision Making},
  volume={9},
  number={3},
  pages={190--195},
  year={1989},
  publisher={}
}

@article{provost2003treeind,
  title={Tree induction for probability-based ranking},
  author={F. Provost and P. Domingos},
  journal={Machine Learning},
  volume={5},
  number={},
  pages={199–-215},
  year={2003},
  publisher={}
}

@article{zhang2002nonparpaucapp,
  title={A non-parametric method for the comparison of partial areas under ROC curves and its application to large health care data sets},
  author={D.D. Zhang and X.H. Zhou and D.H. Freeman and J.L. Freeman},
  journal={Statistics in Medicine},
  volume={21},
  number={5},
  pages={701--715},
  year={2002},
  publisher={}
}

@article{ding2017nrnetwork,
  title={Noise-resistant network: a deep learning method for face recognition under noise},
  author={Y. Ding and Y. Cheng and X. Cheng and B. Li. and X. You and X. Yuan},
  journal={EURASIP Journal on Image and Video Processing},
  volume={2017},
  number={1},
  pages={1--14},
  year={2017},
  publisher={}
}

