@article{CuddebackEtAl2004,
  title={Detecting and Statistically Correcting Sample Selection Bias},
  author={Cuddeback,Gary and Wilson,Elizabeth and Orme,John G. and Combs--Orme,Terri},
  journal={Journal of Social Service Research},
  volume={30},
  number={3},
  pages={19--33},
  year={2004},
  publisher={The Haworth Press, Inc.}
}

@article{Heckman1979,
  title={Sample selection bias as a specification error},
  author={Heckman, J. J.},
  journal={Econometrica},
  volume={47},
  number={1},
  pages={153--161},
  year={1979}
}

@article{HoltSmith1979,
  title={Post Stratification},
  author={Holt,D. and Smith,T. M. F.},
  journal={Journal of the Royal Statistical Society},
  volume={142},
  number={1},
  pages={33--46},
  year={1979},
  publisher={Wiley}
}

@article{ChawlaEtAl2002,
  title={SMOTE: Synthetic Minority Over--sampling Technique},
  author={Chawla, Nitesh V. and Bowyer,Kevin W. and Hall,Lawrence O. and Kegelmeyer,W. Philip},
  journal={Journal of Artificial Intelligence Research},
  volume={16},
  pages={321--357},
  year={2002},
  publisher={Morgan Kaufmann Publishers}
}

@article{KrautenbacherEtAl2017,
  title={Correcting Classifiers for Sample Selection Bias in Two--Phase Case--Control Studies},
  author={Krautenbacher,Norbert and Theis,Fabian J. and Fuchs,Christiane},
  journal={Computational and Mathematical Methods in Medicine},
  volume={2017},
  year={2017}
}

@article{AlonsoEtAl2006,
  title={Predictors of follow-up and assessment of selection bias from dropouts using inverse probability weighting in a cohort of university graduates},
  author={Alonso, A. and Segu{\'\i}--G{\'\o}mez, M. and de Irala, J.},
  journal={European Journal of Epidemiology},
  volume={21},
  number={5},
  pages={351--358},
  year={2006},
  publisher={Springer Netherlands}
}

@inproceedings{Tommasi2017,
  title={A Deeper Look at Dataset Bias},
  author={Tommasi,Tatiana and Patricia, Novi and Caputo, Barbara and Tuytelaars,Tinne},
  booktitle={Domain Adaptation in Computer Vision Applications},
  pages={37--55},
  year={2017},
  publisher={Springer, Cham}
}

@article{Marshall1996,
  title={Sampling for qualitative research},
  author={Martin N Marshall},
  journal={Family Practice},
  volume={13},
  number={6},
  pages={522--526},
  year={1996},
  publisher={Oxford University Press}
}

@inproceedings{CortesEtAl2008,
  title={Sample Selection Bias Correction Theory},
  author={Cortes,Corinna and Mohri,Mehryar and Riley,Michael and Rostamizadeh,Afshin},
  booktitle={Proceedings of the 19th international conference on Algorithmic Learning Theory},
  series = {ALT '08},
  pages={38--53},
  year={2008},
  publisher={Springer-Verlag Berlin, Heidelberg}
}

@inproceedings{Weiss2007,
  title={Cost--Sensitive Learning vs. Sampling: Which is Best for Handling Unbalanced Classes with Unequal Error Costs?},
  author={Gary M. Weiss and Kate McCarthy and Bibi Zabar},
  booktitle={DMIN},
  year={2007}
}

@article{GriffinEtAl2013,
  author = {Griffin, J. E. and Kolossiatis, M. and Steel, M. F. J.},
  title = {Comparing distributions by using dependent normalized random-measure mixtures},
  journal = {Journal of the Royal Statistical Society: Series B (Statistical Methodology)},
  volume = {75},
  number = {3},
  pages = {499-529},
  year = {2013}
}
