
@inproceedings{kingma2014semi,
  title={Semi-supervised learning with deep generative models},
  author={Kingma, Durk P and Mohamed, Shakir and Rezende, Danilo Jimenez and Welling, Max},
  booktitle={Advances in neural information processing systems},
  pages={3581--3589},
  year={2014}
}

@article{zhu2009introduction,
  title={Introduction to semi-supervised learning},
  author={Zhu, Xiaojin and Goldberg, Andrew B},
  journal={Synthesis lectures on artificial intelligence and machine learning},
  volume={3},
  number={1},
  pages={1--130},
  year={2009},
  publisher={Morgan \& Claypool Publishers}
}

@inproceedings{lee2013pseudo,
  title={Pseudo-label: The simple and efficient semi-supervised learning method for deep neural networks},
  author={Lee, Dong-Hyun},
  booktitle={Workshop on Challenges in Representation Learning, ICML},
  volume={3},
  pages={2},
  year={2013}
}

@article{bradley2000constrained,
  title={Constrained k-means clustering},
  author={Bradley, PS and Bennett, KP and Demiriz, Ayhan},
  journal={Microsoft Research, Redmond},
  pages={1--8},
  year={2000}
}

@inproceedings{mcclosky2006effective,
  title={Effective self-training for parsing},
  author={McClosky, David and Charniak, Eugene and Johnson, Mark},
  booktitle={Proceedings of the main conference on human language technology conference of the North American Chapter of the Association of Computational Linguistics},
  pages={152--159},
  year={2006},
  organization={Association for Computational Linguistics}
}

@inproceedings{bennett1999semi,
  title={Semi-supervised support vector machines},
  author={Bennett, Kristin P and Demiriz, Ayhan},
  booktitle={Advances in Neural Information processing systems},
  pages={368--374},
  year={1999}
}

@inproceedings{goldberg2006seeing,
  title={Seeing stars when there aren't many stars: graph-based semi-supervised learning for sentiment categorization},
  author={Goldberg, Andrew B and Zhu, Xiaojin},
  booktitle={Proceedings of the First Workshop on Graph Based Methods for Natural Language Processing},
  pages={45--52},
  year={2006},
  organization={Association for Computational Linguistics}
}


