%% This BibTeX bibliography file was created using BibDesk.
%% http://bibdesk.sourceforge.net/

%% Created for Michael at 2018-12-16 19:44:11 +0100 


%% Saved with string encoding Unicode (UTF-8) 



@book{vapnikchervonenkis1,
	Address = {Moscow},
	Author = {Vapnik, V. and Chervonenkis, A.},
	Date-Added = {2018-12-16 19:14:11 +0100},
	Date-Modified = {2018-12-16 19:20:37 +0100},
	Publisher = {Nauka},
	Title = {Theory of Pattern Recognition: Statistical Problems of Learning},
	Year = {1974}}

@book{srmvapnikslt,
	Author = {Vapnik, V.},
	Date-Added = {2018-12-16 19:06:00 +0100},
	Date-Modified = {2018-12-16 19:11:13 +0100},
	Publisher = {Wiley-Interscience},
	Title = {Statistical Learning Theory},
	Year = {1998},
	Bdsk-File-1 = {YnBsaXN0MDDSAQIDBFxyZWxhdGl2ZVBhdGhZYWxpYXNEYXRhXxA/Li4vLi4vLi4vTWF0aHMgJiBTdGF0cy80dGggWWVhci9TdGF0aXN0aWNhbC1MZWFybmluZy1UaGVvcnkucGRmTxEBzgAAAAABzgACAAAMTWFjaW50b3NoIEhEAAAAAAAAAAAAAAAAAAAAAAAAAEJEAAH/////H1N0YXRpc3RpY2FsLUxlYXJuaW5nLVRoZW9yeS5wZGYAAAAAAAAAAAAAAAAAAAAAAAAAAAAAAAAAAAAAAAAAAP////8AAAAAAAAAAAAAAAAAAwADAAAKIGN1AAAAAAAAAAAAAAAAAAg0dGggWWVhcgACAFovOlVzZXJzOm1pY2hhZWxmaWxsZXR0aTpEZXNrdG9wOlVuaTpNYXRocyAmIFN0YXRzOjR0aCBZZWFyOlN0YXRpc3RpY2FsLUxlYXJuaW5nLVRoZW9yeS5wZGYADgBAAB8AUwB0AGEAdABpAHMAdABpAGMAYQBsAC0ATABlAGEAcgBuAGkAbgBnAC0AVABoAGUAbwByAHkALgBwAGQAZgAPABoADABNAGEAYwBpAG4AdABvAHMAaAAgAEgARAASAFhVc2Vycy9taWNoYWVsZmlsbGV0dGkvRGVza3RvcC9VbmkvTWF0aHMgJiBTdGF0cy80dGggWWVhci9TdGF0aXN0aWNhbC1MZWFybmluZy1UaGVvcnkucGRmABMAAS8AABUAAgAW//8AAAAIAA0AGgAkAGYAAAAAAAACAQAAAAAAAAAFAAAAAAAAAAAAAAAAAAACOA==}}

@misc{vcdbhaskar,
	Author = {Bhaskar, A. and Sukhar, I.},
	Date-Added = {2018-12-16 19:03:47 +0100},
	Date-Modified = {2018-12-16 19:04:55 +0100},
	Month = {April},
	Title = {VC Dimension},
	Year = {2008},
	Bdsk-File-1 = {YnBsaXN0MDDSAQIDBFxyZWxhdGl2ZVBhdGhZYWxpYXNEYXRhXxARNjgzbm90ZXNfMDQyOC5wZGZPEQGiAAAAAAGiAAIAAAxNYWNpbnRvc2ggSEQAAAAAAAAAAAAAAAAAAAAAAAAAQkQAAf////8RNjgzbm90ZXNfMDQyOC5wZGYAAAAAAAAAAAAAAAAAAAAAAAAAAAAAAAAAAAAAAAAAAAAAAAAAAAAAAAAAAAAA/////wAAAAAAAAAAAAAAAAABAAIAAAogY3UAAAAAAAAAAAAAAAAACEdsb3NzYXJ5AAIAUi86VXNlcnM6bWljaGFlbGZpbGxldHRpOkRlc2t0b3A6VW5pOkFJOk1hY2hpbmUgTGVhcm5pbmc6R2xvc3Nhcnk6Njgzbm90ZXNfMDQyOC5wZGYADgAkABEANgA4ADMAbgBvAHQAZQBzAF8AMAA0ADIAOAAuAHAAZABmAA8AGgAMAE0AYQBjAGkAbgB0AG8AcwBoACAASABEABIAUFVzZXJzL21pY2hhZWxmaWxsZXR0aS9EZXNrdG9wL1VuaS9BSS9NYWNoaW5lIExlYXJuaW5nL0dsb3NzYXJ5LzY4M25vdGVzXzA0MjgucGRmABMAAS8AABUAAgAW//8AAAAIAA0AGgAkADgAAAAAAAACAQAAAAAAAAAFAAAAAAAAAAAAAAAAAAAB3g==}}

@misc{srmkrishnamurthy,
	Author = {Krishnamurthy, A.},
	Date-Added = {2018-12-16 19:01:19 +0100},
	Date-Modified = {2018-12-16 19:02:22 +0100},
	Month = {September},
	Title = {Lecture 8: Model Selection and Structural Risk Minimization},
	Year = {2017},
	Bdsk-File-1 = {YnBsaXN0MDDSAQIDBFxyZWxhdGl2ZVBhdGhZYWxpYXNEYXRhWGxlYzgucGRmTxEBgAAAAAABgAACAAAMTWFjaW50b3NoIEhEAAAAAAAAAAAAAAAAAAAAAAAAAEJEAAH/////CGxlYzgucGRmAAAAAAAAAAAAAAAAAAAAAAAAAAAAAAAAAAAAAAAAAAAAAAAAAAAAAAAAAAAAAAAAAAAAAAAAAP////8AAAAAAAAAAAAAAAAAAQACAAAKIGN1AAAAAAAAAAAAAAAAAAhHbG9zc2FyeQACAEkvOlVzZXJzOm1pY2hhZWxmaWxsZXR0aTpEZXNrdG9wOlVuaTpBSTpNYWNoaW5lIExlYXJuaW5nOkdsb3NzYXJ5OmxlYzgucGRmAAAOABIACABsAGUAYwA4AC4AcABkAGYADwAaAAwATQBhAGMAaQBuAHQAbwBzAGgAIABIAEQAEgBHVXNlcnMvbWljaGFlbGZpbGxldHRpL0Rlc2t0b3AvVW5pL0FJL01hY2hpbmUgTGVhcm5pbmcvR2xvc3NhcnkvbGVjOC5wZGYAABMAAS8AABUAAgAW//8AAAAIAA0AGgAkAC0AAAAAAAACAQAAAAAAAAAFAAAAAAAAAAAAAAAAAAABsQ==}}

@techreport{srmvapnik506,
	Address = {Holmdel, NJ 07733, USA},
	Author = {Vapnik, V.},
	Date-Added = {2018-12-16 18:59:53 +0100},
	Date-Modified = {2018-12-16 19:00:51 +0100},
	Institution = {Bell Laboratories},
	Title = {Principles of Risk Minimization for Learning Theory},
	Bdsk-File-1 = {YnBsaXN0MDDSAQIDBFxyZWxhdGl2ZVBhdGhZYWxpYXNEYXRhXxA7NTA2LXByaW5jaXBsZXMtb2Ytcmlzay1taW5pbWl6YXRpb24tZm9yLWxlYXJuaW5nLXRoZW9yeS5wZGZPEQJKAAAAAAJKAAIAAAxNYWNpbnRvc2ggSEQAAAAAAAAAAAAAAAAAAAAAAAAAQkQAAf////8fNTA2LXByaW5jaXBsZXMtb2YtI0ZGRkZGRkZGLnBkZgAAAAAAAAAAAAAAAAAAAAAAAAAAAAAAAAAAAAAAAAAA/////wAAAAAAAAAAAAAAAAABAAIAAAogY3UAAAAAAAAAAAAAAAAACEdsb3NzYXJ5AAIAfC86VXNlcnM6bWljaGFlbGZpbGxldHRpOkRlc2t0b3A6VW5pOkFJOk1hY2hpbmUgTGVhcm5pbmc6R2xvc3Nhcnk6NTA2LXByaW5jaXBsZXMtb2Ytcmlzay1taW5pbWl6YXRpb24tZm9yLWxlYXJuaW5nLXRoZW9yeS5wZGYADgB4ADsANQAwADYALQBwAHIAaQBuAGMAaQBwAGwAZQBzAC0AbwBmAC0AcgBpAHMAawAtAG0AaQBuAGkAbQBpAHoAYQB0AGkAbwBuAC0AZgBvAHIALQBsAGUAYQByAG4AaQBuAGcALQB0AGgAZQBvAHIAeQAuAHAAZABmAA8AGgAMAE0AYQBjAGkAbgB0AG8AcwBoACAASABEABIAelVzZXJzL21pY2hhZWxmaWxsZXR0aS9EZXNrdG9wL1VuaS9BSS9NYWNoaW5lIExlYXJuaW5nL0dsb3NzYXJ5LzUwNi1wcmluY2lwbGVzLW9mLXJpc2stbWluaW1pemF0aW9uLWZvci1sZWFybmluZy10aGVvcnkucGRmABMAAS8AABUAAgAW//8AAAAIAA0AGgAkAGIAAAAAAAACAQAAAAAAAAAFAAAAAAAAAAAAAAAAAAACsA==}}

@techreport{srmvapnik512,
	Address = {Holmdel, NJ 07733, USA},
	Author = {Guyon, I. and Vapnik, V. and Boser, B and Bottou, L and Solla, S. A.},
	Date-Added = {2018-12-16 18:53:34 +0100},
	Date-Modified = {2018-12-16 18:59:27 +0100},
	Institution = {Bell Laboratories},
	Title = {Structural Risk Minimization for Character Recognition},
	Bdsk-File-1 = {YnBsaXN0MDDSAQIDBFxyZWxhdGl2ZVBhdGhZYWxpYXNEYXRhXxA+NTEyLXN0cnVjdHVyYWwtcmlzay1taW5pbWl6YXRpb24tZm9yLWNoYXJhY3Rlci1yZWNvZ25pdGlvbi5wZGZPEQJYAAAAAAJYAAIAAAxNYWNpbnRvc2ggSEQAAAAAAAAAAAAAAAAAAAAAAAAAQkQAAf////8fNTEyLXN0cnVjdHVyYWwtcmlzI0ZGRkZGRkZGLnBkZgAAAAAAAAAAAAAAAAAAAAAAAAAAAAAAAAAAAAAAAAAA/////wAAAAAAAAAAAAAAAAABAAIAAAogY3UAAAAAAAAAAAAAAAAACEdsb3NzYXJ5AAIAfy86VXNlcnM6bWljaGFlbGZpbGxldHRpOkRlc2t0b3A6VW5pOkFJOk1hY2hpbmUgTGVhcm5pbmc6R2xvc3Nhcnk6NTEyLXN0cnVjdHVyYWwtcmlzay1taW5pbWl6YXRpb24tZm9yLWNoYXJhY3Rlci1yZWNvZ25pdGlvbi5wZGYAAA4AfgA+ADUAMQAyAC0AcwB0AHIAdQBjAHQAdQByAGEAbAAtAHIAaQBzAGsALQBtAGkAbgBpAG0AaQB6AGEAdABpAG8AbgAtAGYAbwByAC0AYwBoAGEAcgBhAGMAdABlAHIALQByAGUAYwBvAGcAbgBpAHQAaQBvAG4ALgBwAGQAZgAPABoADABNAGEAYwBpAG4AdABvAHMAaAAgAEgARAASAH1Vc2Vycy9taWNoYWVsZmlsbGV0dGkvRGVza3RvcC9VbmkvQUkvTWFjaGluZSBMZWFybmluZy9HbG9zc2FyeS81MTItc3RydWN0dXJhbC1yaXNrLW1pbmltaXphdGlvbi1mb3ItY2hhcmFjdGVyLXJlY29nbml0aW9uLnBkZgAAEwABLwAAFQACABb//wAAAAgADQAaACQAZQAAAAAAAAIBAAAAAAAAAAUAAAAAAAAAAAAAAAAAAALB}}

@misc{srmneumann,
	Author = {Marion Neumann},
	Date-Added = {2018-12-16 18:51:01 +0100},
	Date-Modified = {2018-12-16 18:53:29 +0100},
	Month = {Spring},
	Title = {Lecture 1: Structural Risk Minimization},
	Year = {2018},
	Bdsk-File-1 = {YnBsaXN0MDDSAQIDBFxyZWxhdGl2ZVBhdGhZYWxpYXNEYXRhXxATbGVjdHVyZW5vdGVfU1JNLnBkZk8RAaoAAAAAAaoAAgAADE1hY2ludG9zaCBIRAAAAAAAAAAAAAAAAAAAAAAAAABCRAAB/////xNsZWN0dXJlbm90ZV9TUk0ucGRmAAAAAAAAAAAAAAAAAAAAAAAAAAAAAAAAAAAAAAAAAAAAAAAAAAAAAAAAAAD/////AAAAAAAAAAAAAAAAAAEAAgAACiBjdQAAAAAAAAAAAAAAAAAIR2xvc3NhcnkAAgBULzpVc2VyczptaWNoYWVsZmlsbGV0dGk6RGVza3RvcDpVbmk6QUk6TWFjaGluZSBMZWFybmluZzpHbG9zc2FyeTpsZWN0dXJlbm90ZV9TUk0ucGRmAA4AKAATAGwAZQBjAHQAdQByAGUAbgBvAHQAZQBfAFMAUgBNAC4AcABkAGYADwAaAAwATQBhAGMAaQBuAHQAbwBzAGgAIABIAEQAEgBSVXNlcnMvbWljaGFlbGZpbGxldHRpL0Rlc2t0b3AvVW5pL0FJL01hY2hpbmUgTGVhcm5pbmcvR2xvc3NhcnkvbGVjdHVyZW5vdGVfU1JNLnBkZgATAAEvAAAVAAIAFv//AAAACAANABoAJAA6AAAAAAAAAgEAAAAAAAAABQAAAAAAAAAAAAAAAAAAAeg=}}

@misc{srmsewell,
	Author = {Martin Sewell},
	Date-Added = {2018-12-16 18:42:37 +0100},
	Date-Modified = {2018-12-16 18:50:07 +0100},
	Month = {September},
	Title = {Structural Risk Minimization},
	Year = {2008},
	Bdsk-File-1 = {YnBsaXN0MDDSAQIDBFxyZWxhdGl2ZVBhdGhZYWxpYXNEYXRhV3NybS5wZGZPEQF6AAAAAAF6AAIAAAxNYWNpbnRvc2ggSEQAAAAAAAAAAAAAAAAAAAAAAAAAQkQAAf////8Hc3JtLnBkZgAAAAAAAAAAAAAAAAAAAAAAAAAAAAAAAAAAAAAAAAAAAAAAAAAAAAAAAAAAAAAAAAAAAAAAAAAA/////wAAAAAAAAAAAAAAAAABAAIAAAogY3UAAAAAAAAAAAAAAAAACEdsb3NzYXJ5AAIASC86VXNlcnM6bWljaGFlbGZpbGxldHRpOkRlc2t0b3A6VW5pOkFJOk1hY2hpbmUgTGVhcm5pbmc6R2xvc3Nhcnk6c3JtLnBkZgAOABAABwBzAHIAbQAuAHAAZABmAA8AGgAMAE0AYQBjAGkAbgB0AG8AcwBoACAASABEABIARlVzZXJzL21pY2hhZWxmaWxsZXR0aS9EZXNrdG9wL1VuaS9BSS9NYWNoaW5lIExlYXJuaW5nL0dsb3NzYXJ5L3NybS5wZGYAEwABLwAAFQACABb//wAAAAgADQAaACQALAAAAAAAAAIBAAAAAAAAAAUAAAAAAAAAAAAAAAAAAAGq}}
