@inproceedings{AlbertoTubeSpam,
  author = {Alberto, T C and Lochter, J V and Almeida, T A},
  booktitle = {2015 IEEE 14th International Conference on Machine Learning and Applications (ICMLA)},
  month = {dec},
  pages = {138--143},
  title = {{TubeSpam: Comment Spam Filtering on YouTube}},
  year = {2015}
}

@inproceedings{CormackSMSFilter,
  author = {Cormack, Gordon V and Hidalgo, Jos{\'{e}} Mar$\backslash$'$\backslash$ia G{\'{o}}mez and S{\'{a}}nz, Enrique Puertas},
  booktitle = {Proceedings of the 30th Annual International ACM SIGIR Conference on Research and Development in Information Retrieval},
  isbn = {978-1-59593-597-7},
  pages = {871--872},
  publisher = {ACM},
  series = {SIGIR '07},
  title = {{Feature Engineering for Mobile (SMS) Spam Filtering}},
  year = {2007}
}

@inproceedings{LiFeatureEng,
  address = {New York, NY, USA},
  author = {Li, Jiefei and Liang, Xiaocong and Ding, Weijie and Yang, Weidong and Pan, Rong},
  booktitle = {Proceedings of the 2013 KDD Cup 2013 Workshop},
  isbn = {978-1-4503-2495-3},
  pages = {5:1----5:8},
  publisher = {ACM},
  series = {KDD Cup '13},
  title = {{Feature Engineering and Tree Modeling for Author-paper Identification Challenge}},
  year = {2013}
}
