@InProceedings{aytar2011,
  author       = "Aytar, Y. and Zisserman, A.",
  title        = "Tabula Rasa: Model Transfer for Object Category Detection ",
  booktitle    = "IEEE International Conference on Computer Vision",
  year         = "2011",
}

@book{thrunpratt1998,
 editor = {Thrun, Sebastian and Pratt, Lorien},
 title = {Learning to Learn},
 year = {1998},
 isbn = {0-7923-8047-9},
 publisher = {Kluwer Academic Publishers},
 address = {Norwell, MA, USA}
} 

@inproceedings{torrey2009,
  booktitle={Transfer Learning},
  title={Transfer Learning},
  author={Lisa Torrey and Jude Shavlik},
  year={2009}
}

@ARTICLE{panyang2010, 
author={S. J. Pan and Q. Yang}, 
journal={IEEE Transactions on Knowledge and Data Engineering}, 
title={A Survey on Transfer Learning}, 
year={2010}, 
volume={22}, 
number={10}, 
pages={1345-1359}
}

@Article{cook2013,
author="Cook, Diane
and Feuz, Kyle D.
and Krishnan, Narayanan C.",
title="Transfer learning for activity recognition: a survey",
journal="Knowledge and Information Systems",
year="2013",
month="Sep",
day="01",
volume="36",
number="3",
pages="537--556"
}

@article{yosinski2014,
  author    = {Jason Yosinski and
               Jeff Clune and
               Yoshua Bengio and
               Hod Lipson},
  title     = {How transferable are features in deep neural networks?},
  journal   = {CoRR},
  volume    = {abs/1411.1792},
  year      = {2014}
}

@article{zhu2018,
  author    = {Yi Zhu and
               Jia Xue and
               Shawn D. Newsam},
  title     = {Gated Transfer Network for Transfer Learning},
  journal   = {CoRR},
  volume    = {abs/1810.12521},
  year      = {2018}
}

@inproceedings{madhavan2016,
  title={Best Practices for Fine-Tuning Visual Classifiers to New Domains},
  author={Brian Chu and Vashisht Madhavan and Oscar Beijbom and Judy Hoffman and Trevor Darrell},
  booktitle={ECCV Workshops},
  year={2016}
}

@INPROCEEDINGS{rosenstein2005,
    author = {Michael T. Rosenstein and Zvika Marx and Leslie Pack Kaelbling and Thomas G. Dietterich},
    title = {To transfer or not to transfer},
    booktitle = {In NIPSâ€™05 Workshop, Inductive Transfer: 10 Years Later},
    year = {2005}
}

@article{he2017,
  author    = {Kaiming He and
               Georgia Gkioxari and
               Piotr Doll{\'{a}}r and
               Ross B. Girshick},
  title     = {Mask {R-CNN}},
  journal   = {CoRR},
  volume    = {abs/1703.06870},
  year      = {2017}
}

@article{zhao2016,
  author    = {Hengshuang Zhao and
               Jianping Shi and
               Xiaojuan Qi and
               Xiaogang Wang and
               Jiaya Jia},
  title     = {Pyramid Scene Parsing Network},
  journal   = {CoRR},
  volume    = {abs/1612.01105},
  year      = {2016}
}

@article{papandreou2017,
  author    = {George Papandreou and
               Tyler Zhu and
               Nori Kanazawa and
               Alexander Toshev and
               Jonathan Tompson and
               Chris Bregler and
               Kevin P. Murphy},
  title     = {Towards Accurate Multi-person Pose Estimation in the Wild},
  journal   = {CoRR},
  volume    = {abs/1701.01779},
  year      = {2017}
}
@article{carreira2017,
  author    = {Jo{\~{a}}o Carreira and
               Andrew Zisserman},
  title     = {Quo Vadis, Action Recognition? {A} New Model and the Kinetics Dataset},
  journal   = {CoRR},
  volume    = {abs/1705.07750},
  year      = {2017}
}
@article{howard2018,
  author    = {Jeremy Howard and
               Sebastian Ruder},
  title     = {Fine-tuned Language Models for Text Classification},
  journal   = {CoRR},
  volume    = {abs/1801.06146},
  year      = {2018}
}
@article{joshi2018,
  author    = {Vidur Joshi and
               Matthew Peters and
               Mark Hopkins},
  title     = {Extending a Parser to Distant Domains Using a Few Dozen Partially
               Annotated Examples},
  journal   = {CoRR},
  volume    = {abs/1805.06556},
  year      = {2018}
}